@book{shupSmale,
  title={Complexity and Real Computation},
  author={Blum, L. and Blum, L. and Cucker, F. and Karp, R.M. and Shub, M. and BLUM, L.A. and Smale, S. and Farkas, F.C.},
  isbn={9780387982816},
  lccn={97022859},
  year={1998},
  publisher={Springer New York}
}

@book{hirschSmale,
  title={Differential Equations, Dynamical Systems, and an Introduction to Chaos},
  author={Hirsch, M.W. and Smale, S. and Devaney, R.L.},
  isbn={9780123820105},
  lccn={2012002951},
  series={Academic Press},
  url={https://books.google.de/books?id=csYhsrOEh\_MC},
  year={2013},
  publisher={Elsevier Science}
}

@book{knoblochKappel,
  title={Gew{\"o}hnliche Differentialgleichungen},
  author={Knobloch, H.W. and Kappel, F.},
  isbn={9783322947178},
  series={Mathematische Leitf{\"a}den},
  url={https://books.google.de/books?id=NRKhBwAAQBAJ},
  year={2013},
  publisher={Vieweg+Teubner Verlag}
}
